<?xml version="1.0" encoding="UTF-8"?><collection xmlns="http://www.loc.gov/MARC21/slim"><record><leader>00306nam--2200121-i-4500</leader><controlfield tag="001">000042625</controlfield><controlfield tag="002">20161230</controlfield><controlfield tag="005">20161230201043</controlfield><controlfield tag="008">060222s1000------------r-----000-0-eng-d</controlfield><datafield ind1=" " ind2=" " tag="245"><subfield code="a">Standard handbook for electrical engineering</subfield></datafield><datafield ind1=" " ind2=" " tag="260"><subfield code="a">New York, Mcgraw, 1957. 2230 P</subfield></datafield><datafield ind1=" " ind2=" " tag="700"><subfield code="a">A.Knowlton</subfield></datafield><datafield ind1=" " ind2=" " tag="852"><subfield code="a">12349</subfield></datafield></record></collection>